@misc
{
	ref,
	author = "Mrs Vreda Pieterse",
	title = "COS 301 Mini Project: Client Specification",
	howpublished = "COS 301 lecture notes and template documents via the Computer Science website",
	year = "2016",
	month = "February",
	note = "Specifications also provided during COS 301 lectures at the University Of Pretoria"
}